<record xmlns="http://www.loc.gov/MARC21/slim" xmlns:xsi="http://www.w3.org/2001/XMLSchema-instance" xsi:schemaLocation="http://www.loc.gov/MARC21/slim http://www.loc.gov/standards/marcxml/schema/MARC21slim.xsd">

  <leader>00706nam a2200181Ia 4500</leader>
  <datafield tag="999" ind2=" " ind1=" ">
    <subfield code="c">641</subfield>
    <subfield code="d">641</subfield>
  </datafield>
  <controlfield tag="008">170320b2007    cr ||||| |||| 00| | spa d</controlfield>
  <datafield ind2=" " tag="020" ind1=" ">
    <subfield code="a">9789968818339</subfield>
  </datafield>
  <datafield ind1=" " ind2=" " tag="090">
    <subfield code="a">06.02.01 </subfield>
    <subfield code="b">1826</subfield>
  </datafield>
  <datafield ind1="1" ind2=" " tag="100">
    <subfield code="a">Zelaya Medrano, José Rodolfo</subfield>
    <subfield code="9">2571</subfield>
  </datafield>
  <datafield ind1="1" tag="245" ind2="0">
    <subfield code="a">Educación a distancia una alternativa para los sistemas educativos /</subfield>
  </datafield>
  <datafield ind1=" " tag="260" ind2=" ">
    <subfield code="a">San José, Costa Rica : </subfield>
    <subfield code="b">Coordinación Educativa y Cultural Centroamericana (CECC)  y Agencia Española de Cooperacion Internacional (AECI), </subfield>
    <subfield code="c">2007</subfield>
  </datafield>
  <datafield ind1=" " tag="300" ind2=" ">
    <subfield code="a">186 páginas</subfield>
  </datafield>
  <datafield ind2=" " tag="490" ind1=" ">
    <subfield code="a">Investigación y Desarrollo Educativo Regional (IDER).</subfield>
  </datafield>
  <datafield ind1="1" tag="650" ind2="4">
    <subfield code="a">EDUCACIÓN</subfield>
    <subfield code="9">1</subfield>
  </datafield>
  <datafield ind2="4" tag="650" ind1="1">
    <subfield code="a">SISTEMA EDUCATIVO</subfield>
    <subfield code="9">2572</subfield>
  </datafield>
  <datafield ind1="1" ind2="4" tag="650">
    <subfield code="a">ENSEÑANZA A DISTANCIA</subfield>
    <subfield code="9">1374</subfield>
  </datafield>
  <datafield ind1=" " ind2=" " tag="942">
    <subfield code="2">z</subfield>
    <subfield code="c">01</subfield>
  </datafield>
</record>